@ARTICLE{totem,
   author = "Valentina Avati",
   title = "The TOTEM Experiment at the LHC",
   year = 2011
   journal = "Progress of Theoretical Physics Supplement"
   pages = 281-288
   }

@ARTICLE{pythia6,
   author = "T. Sjostrand, S.Mrenna and P. Skands",
   title= "Pythia 6.4 Physics and Manual",
   journal = "JHEP05",
   year = 2006
   }

@ARTICLE{madgraph,
   author = "Leslie Lamport",
   title = "{\LaTeX \rm:} {A} Document Preparation System",
   publisher = "Addison-Wesley",
   year = 1986
   }

@ARTICLE{geant,
   author = "Oren Patashnik",
   title = "{Using BibTeX}",
   note = "Documentation for general BibTeX users",
   month = jan,
   year = 1988
   }

@ARTICLE{tuneZ2,
   author = "Oren Patashnik",
   title = "Designing BibTeX Styles",
   note = "The part of BibTeX's documentation
                            that's not meant for general users",
   month = jan,
   year = 1988
   }

@ARTICLE{field_measurement,
   author = "V. I. Klyukhin et. al.",
   title = "Measurement of the CMS magnetic field",
   journal = "IEEE Trans. on applied Superc. 18"
   note = "No 2"
   year = 2008
   pages = 395
   }

@ARTICLE{field_uniformity,
   author = "The CMS Collaboration",
   title = "Precise mapping of the magnetic field in the CMS Barrel Yoke using
cosmic rays",
   note = "CMS PAPER CFT-09-015",
   year = 2009
   }

@ARTICLE{jec,
   author = "Strunk, Jr., William and E. B. White",
   title = "The Elements of Style",
   publisher = "Macmillan",
   edition = "Third",
   year = 1979
   }

@BOOK{lyons,
   author = "Louis Lyons",
   title = "Statistics for nuclear and particle physicists",
   publisher = "Cambridge University Press",
   edition = "First",
   year = 1986
   }

@BOOK{cowan,
   author = "Glen Cowan",
   title = "Statistical Data Analysis",
   publisher = "Oxford University Press",
   edition = "First",
   year = 1998
   }

@BOOK{barlow,
   author = "Roger J. Barlow",
   title = "Statistics: a guide to the use of statistical methods in the
physical sciences",
   publisher = "Wiley-Blackwell",
   edition = "Reprint",
   year = 1989
   }

@BOOK{martin_and_shaw,
   title = "Particle Physics",
   author = "B. R. Martin and G. Shaw",
   publisher = "Wiley",
   edition = "Second",
   year = 2002
   }

@BOOK{halzen_and_martin,
   title = "Quarks and Leptons: An Introductory Course in Modern Particle
Physics",
   author = "Francis Halzen and Alan D. Martin",
   publisher = "Wiley",
   edition = "First",
   year = 1984
   }

@BOOK{physics_tdr_1,
   title = "CMS Physics Technical Design Report Volume 1: Detector Performance
and Software",
   author = "The CMS Collaboration",
   publisher = "CERN",
   year = 2006
   }
